<?xml version="1.0" encoding="UTF-8"?><collection xmlns="http://www.loc.gov/MARC21/slim"><record><leader>00562nam--2200181-i-4500</leader><controlfield tag="001">000007931</controlfield><controlfield tag="002">20161230</controlfield><controlfield tag="005">20161230201027</controlfield><controlfield tag="008">060222s1000------------r-----000-0-eng-d</controlfield><datafield ind1=" " ind2=" " tag="040"><subfield code="a">IFIN-HH</subfield></datafield><datafield ind1=" " ind2=" " tag="080"><subfield code="a">541</subfield></datafield><datafield ind1="1" ind2=" " tag="100"><subfield code="a">Atkins, P.W</subfield></datafield><datafield ind1="1" ind2="0" tag="245"><subfield code="a">The structure of inorganic radicals</subfield><subfield code="b">An application of electron spin resonance to the study of molecular structure</subfield><subfield code="c">P.w. atkins, m.c.r. symons</subfield></datafield><datafield ind1=" " ind2=" " tag="260"><subfield code="a">Amsterdam</subfield><subfield code="b">Elsevier Publishing Company</subfield><subfield code="c">1967</subfield></datafield><datafield ind1=" " ind2=" " tag="300"><subfield code="a">X + 280 P</subfield></datafield><datafield ind1="1" ind2=" " tag="700"><subfield code="a">Symons, M.C.R</subfield></datafield><datafield ind1=" " ind2=" " tag="852"><subfield code="a">25655</subfield><subfield code="c">546</subfield></datafield><datafield ind1=" " ind2=" " tag="CAT"><subfield code="a">Sys</subfield><subfield code="c">20121017</subfield><subfield code="h">155138</subfield></datafield></record></collection>